<?xml version="1.0" encoding="UTF-8"?><collection xmlns="http://www.loc.gov/MARC21/slim"><record><leader>00347nam--2200121-i-4500</leader><controlfield tag="001">000045438</controlfield><controlfield tag="002">20161230</controlfield><controlfield tag="005">20161230201045</controlfield><controlfield tag="008">060222s1000------------r-----000-0-eng-d</controlfield><datafield ind1=" " ind2=" " tag="100"><subfield code="a">Tegart,W.J.Mc G</subfield></datafield><datafield ind1=" " ind2=" " tag="245"><subfield code="a">The electrolytic and chemical polishing metals in research and industry</subfield></datafield><datafield ind1=" " ind2=" " tag="260"><subfield code="a">London, Pergamon Press, 1956. X + 129 P</subfield></datafield><datafield ind1=" " ind2=" " tag="852"><subfield code="a">12727</subfield></datafield></record></collection>